
@book{griffiths_introduction_2018,
	edition = {Third},
	title = {Introduction to quantum mechanics},
	isbn = {978-1-107-18963-8 978-1-316-99543-3},
	abstract = {Changes and additions to the new edition of this classic textbook include: new chapter on Symmetries, new problems and examples, improved explanations, more numerical problems to be worked on a computer, new applications to solid state physics, consolidated treatment of time-dependent potentials},
	language = {eng},
	publisher = {Cambridge University Press},
	author = {Griffiths, David J. and Schroeter, Darrell F.},
	year = {2018},
}

@book{fox2006quantum,
  title={Quantum Optics: An Introduction},
  author={Fox, M.},
  isbn={9780198566731},
  lccn={2005025707},
  series={Oxford Master Series in Physics},
  year={2006},
  publisher={OUP Oxford}
}

@book{schlosshauer_decoherence_2007,
	title = {Decoherence and the quantum-to-classical transition},
	isbn = {978-3-540-35773-5},
	language = {eng},
	publisher = {Springer},
	author = {Schlosshauer, Maximilian},
	year = {2007},
}

@article{chia_relaxation_2020,
	title = {Relaxation oscillations and frequency entrainment in quantum mechanics},
	volume = {102},
	issn = {2470-0045, 2470-0053},
	language = {en},
	number = {4},
	urldate = {2024-12-20},
	journal = {Phys. Rev. E},
	author = {Chia, A. and Kwek, L. C. and Noh, C.},
	month = oct,
	year = {2020},
	pages = {042213},
}

@book{lancaster_quantum_2014,
	edition = {1. ed.},
	title = {Quantum field theory for the gifted amateur},
	isbn = {978-0-19-969933-9 978-0-19-969932-2},
	language = {eng},
	publisher = {Oxford Univ. Press},
	author = {Lancaster, Tom and Blundell, Stephen},
	year = {2014},
}

@book{gerry_introductory_2005,
	title = {Introductory quantum optics},
	isbn = {978-0-511-79123-9 978-0-511-64837-3},
	language = {eng},
	publisher = {Cambridge University Press},
	author = {Gerry, Christopher C. and Knight, Peter L.},
	year = {2005},
}

@article{meurer_sympy_2017,
	title = {{SymPy}: symbolic computing in {Python}},
	volume = {3},
	copyright = {http://creativecommons.org/licenses/by/4.0/},
	issn = {2376-5992},
	shorttitle = {{SymPy}},
	language = {en},
	journal = {PeerJ Comput. Sci.},
	author = {Meurer, Aaron and Smith, Christopher P. and Paprocki, Mateusz and {\v{C}}ertík, Ond\v{r}ej and Kirpichev, Sergey B. and Rocklin, Matthew and Kumar, AMiT and Ivanov, Sergiu and Moore, Jason K. and Singh, Sartaj and Rathnayake, Thilina and Vig, Sean and Granger, Brian E. and Muller, Richard P. and Bonazzi, Francesco and Gupta, Harsh and Vats, Shivam and Johansson, Fredrik and Pedregosa, Fabian and Curry, Matthew J. and Terrel, Andy R. and Rou\v{c}ka, {\v{S}}t\v{e}p\'{a}n and Saboo, Ashutosh and Fernando, Isuru and Kulal, Sumith and Cimrman, Robert and Scopatz, Anthony},
	month = jan,
	year = {2017},
	pages = {e103},
}

@book{breuer_theory_2002,
	title = {The theory of open quantum systems},
	isbn = {978-0-19-852063-4},
	publisher = {Oxford University Press},
	author = {Breuer, Heinz-Peter and Petruccione, F.},
	year = {2002},
	keywords = {Open systems (Physics), Quantum theory},
}


@book{pikovsky_synchronization_2001,
	title = {Synchronization: a universal concept in nonlinear sciences},
	isbn = {978-0-521-59285-7},
	shorttitle = {Synchronization},
	publisher = {Cambridge University Press},
	author = {Pikovsky, Arkady and Rosenblum, Michael and Kurths, J.},
	year = {2001},
	keywords = {Nonlinear theories, Synchronization},
}

@article{downing_hyperbolic_2024,
	title = {Hyperbolic enhancement of a quantum battery},
	volume = {109},
	issn = {2469-9926, 2469-9934},
	language = {en},
	number = {5},
	urldate = {2024-12-23},
	journal = {Phys. Rev. A},
	author = {Downing, Charles Andrew and Ukhtary, Muhammad Shoufie},
	month = may,
	year = {2024},
	pages = {052206},
}


@article{johansson_qutip_2012,
	title = {{QuTiP}: {An} open-source {Python} framework for the dynamics of open quantum systems},
	volume = {183},
	copyright = {https://www.elsevier.com/tdm/userlicense/1.0/},
	issn = {00104655},
	shorttitle = {{QuTiP}},
	language = {en},
	number = {8},
	urldate = {2024-12-23},
	journal = {Comput. Phys. Commun.},
	author = {Johansson, J.R. and Nation, P.D. and Nori, Franco},
	month = aug,
	year = {2012},
	pages = {1760},

}


@article{johansson_qutip_2013,
	title = {{QuTiP} 2: {A} {Python} framework for the dynamics of open quantum systems},
	volume = {184},
	copyright = {https://www.elsevier.com/tdm/userlicense/1.0/},
	issn = {00104655},
	shorttitle = {{QuTiP} 2},
	language = {en},
	number = {4},
	urldate = {2024-12-23},
	journal = {Comput. Phys. Commun.},
	author = {Johansson, J.R. and Nation, P.D. and Nori, Franco},
	month = apr,
	year = {2013},
	pages = {1234},
}


@misc{blasiak_combinatorics_2005,
	title = {Combinatorics of boson normal ordering and some applications},
	urldate = {2024-12-23},
	author = {Blasiak, P.},
	year = {2005},
      eprint={quant-ph/0507206},
      archivePrefix={arXiv},
      primaryClass={quant-ph}
}

@article{Mendez_2005,
   title={Combinatorial approach to generalized Bell and Stirling numbers and boson normal ordering problem},
   volume={46},
   ISSN={1089-7658},
   pages = {083511},
   number={8},
   journal={J. Math. Phys.},
   publisher={AIP Publishing},
   author={Méndez, M. A. and Blasiak, P. and Penson, K. A.},
   year={2005}
}

@article{Shen2023,
  title = {Quantum synchronization effects induced by strong nonlinearities},
  volume = {107},
  ISSN = {2469-9934},
  number = {5},
pages={053713},
  journal = {Phys. Rev. A},
  publisher = {American Physical Society (APS)},
  author = {Shen,  Yuan and Mok,  Wai-Keong and Noh,  Changsuk and Liu,  Ai Qun and Kwek,  Leong-Chuan and Fan,  Weijun and Chia,  Andy},
  year = {2023},
  month = may 
}
@article{Krimer2019,
  title = {Critical phenomena and nonlinear dynamics in a spin ensemble strongly coupled to a cavity. {I}. Semiclassical approach},
  volume = {100},
  ISSN = {2469-9934},
  pages = {013855},
  number = {1},
  journal = {Phys. Rev. A},
  publisher = {American Physical Society (APS)},
  author = {Krimer,  Dmitry O. and Zens,  Matthias and Rotter,  Stefan},
  year = {2019}
}

@article{Zens2019,
  title = {Critical phenomena and nonlinear dynamics in a spin ensemble strongly coupled to a cavity. {II}. Semiclassical-to-quantum boundary},
  volume = {100},
  ISSN = {2469-9934},
  pages = {013856},
  number = {1},
  journal = {Phys. Rev. A},
  publisher = {American Physical Society (APS)},
  author = {Zens,  Matthias and Krimer,  Dmitry O. and Rotter,  Stefan},
  year = {2019}
}
@article{Ahmadi2024,
  title = {Nonreciprocal Quantum Batteries},
  volume = {132},
  ISSN = {1079-7114},
  number = {21},
  journal = {Phys. Rev, Lett.},
  publisher = {American Physical Society (APS)},
  author = {Ahmadi,  B. and Mazurek,  P. and Horodecki,  P. and Barzanjeh,  S.},
  year = {2024},
  pages = {210402},
}
@article{Downing2022,
  title = {Directionality between driven-dissipative resonators},
  volume = {140},
  ISSN = {1286-4854},
  number = {3},
  journal = {Europhys. Lett.},
  publisher = {IOP Publishing},
  author = {Downing,  C. A. and Sturges,  T. J.},
  year = {2022},
  pages = {35001}
}
@article{Downing2021,
  title = {Exceptional points in oligomer chains},
  volume = {4},
  ISSN = {2399-3650},
  pages = {254},
  number = {1},
  journal = {Commun. Phys.},
  publisher = {Springer Science and Business Media LLC},
  author = {Downing,  Charles Andrew and Saroka,  Vasil Arkadievich},
  year = {2021}
}
@article{Downing2023,
  title = {Parametrically driving a quantum oscillator into exceptionality},
  volume = {13},
  ISSN = {2045-2322},
  number = {1},
  journal = {Sci. Rep.},
  publisher = {Springer Science and Business Media LLC},
  author = {Downing,  C. A. and Vidiella-Barranco,  A.},
  year = {2023},
  pages = {11004},
}

@article{BenArosh2021,
  title = {Quantum limit cycles and the Rayleigh and van der Pol oscillators},
  volume = {3},
  ISSN = {2643-1564},
  journal = {Phys. Rev. Res.},
  publisher = {American Physical Society (APS)},
  author = {Ben Arosh,  Lior and Cross,  M. C. and Lifshitz,  Ron},
pages={013130},
  year = {2021},
  month = feb 
}
@article{Amitai2018.PhysRevE.97.052203,
  title = {Quantum effects in amplitude death of coupled anharmonic self-oscillators},
  author = {Amitai, Ehud and Koppenh\"ofer, Martin and L\"orch, Niels and Bruder, Christoph},
  journal = {Phys. Rev. E},
  volume = {97},
  pages = {052203},
  year = {2018},
  publisher = {American Physical Society},
}

@article{Bender1998,
  title = {Real Spectra in Non-Hermitian Hamiltonians Having $\mathcal{P}\mathcal{T}$ Symmetry},
  volume = {80},
  ISSN = {1079-7114},
  number = {24},
  journal = {Phys. Rev. Lett.},
  publisher = {American Physical Society (APS)},
  author = {Bender,  Carl M. and Boettcher,  Stefan},
  year = {1998},
  month = jun,
  pages = {5243}
}
@article{Minganti2019,
  title = {Quantum exceptional points of non-Hermitian Hamiltonians and Liouvillians: The effects of quantum jumps},
  volume = {100},
  ISSN = {2469-9934},
  number = {6},
  journal = {Phys. Rev. A},
  publisher = {American Physical Society (APS)},
  author = {Minganti,  Fabrizio and Miranowicz,  Adam and Chhajlany,  Ravindra W. and Nori,  Franco},
  year = {2019},
  pages = {062131},
}
@article{Chimczak2023,
  title = {The effect of thermal photons on exceptional points in coupled resonators},
  volume = {13},
  pages = {5859},
  ISSN = {2045-2322},
  number = {1},
  journal = {Sci. Rep.},
  publisher = {Springer Science and Business Media LLC},
  author = {Chimczak,  Grzegorz and Kowalewska-Kudłaszyk,  Anna and Lange,  Ewelina and Bartkiewicz,  Karol and Peřina,  Jan},
  year = {2023}
}
@article{Wiersig2020,
  title = {Prospects and fundamental limits in exceptional point-based sensing},
  pages = {2454},
  volume = {11},
  ISSN = {2041-1723},
  number = {1},
  journal = {Nat. Commun.},
  publisher = {Springer Science and Business Media LLC},
  author = {Wiersig,  Jan},
  year = {2020}
}
@article{Zhou2024,
  title = {Exceptional points unveiling quantum limit of fluorescence rates in non-Hermitian plexcitonic single-photon sources},
  volume = {1},
  ISSN = {2835-0103},
  number = {1},
  journal = {APL Quantum},
  publisher = {AIP Publishing},
  author = {Zhou,  Wenjie and Liu,  Jingfeng and Zhu,  Juanfeng and Gromyko,  Dmitrii and Qiu,  Chengwei and Wu,  Lin},
  year = {2024},
  pages = {016110},
}
@article{Farina2019,
  title = {Charger-mediated energy transfer for quantum batteries: An open-system approach},
  volume = {99},
  pages = {035421},
  ISSN = {2469-9969},
  number = {3},
  journal = {Phys. Rev. B},
  publisher = {American Physical Society (APS)},
  author = {Farina,  Donato and Andolina,  Gian Marcello and Mari,  Andrea and Polini,  Marco and Giovannetti,  Vittorio},
  year = {2019}
}
@article{Zhang2021,
  title = {Parity-symmetry-breaking quantum phase transition via parametric drive in a cavity magnonic system},
  volume = {104},
  ISSN = {2469-9969},
  pages = {064423},
  number = {6},
  journal = {Phys. Rev. B},
  publisher = {American Physical Society (APS)},
  author = {Zhang,  Guo-Qiang and Chen,  Zhen and Xiong,  Wei and Lam,  Chi-Hang and You,  J. Q.},
  year = {2021}
}
@article{Dek2012,
  title = {Reciprocity in quantum,  electromagnetic and other wave scattering},
  volume = {327},
  ISSN = {0003-4916},
  number = {4},
  journal = {Ann. of Phys.},
  publisher = {Elsevier BV},
  author = {Deák,  L. and F\"{u}l\"{o}p,  T.},
  year = {2012},
  month = apr,
  pages = {1050}
}
@article{Caloz2018,
  title = {Electromagnetic Nonreciprocity},
  volume = {10},
  ISSN = {2331-7019},
  number = {4},
  journal = {Phys. Rev. Appl.},
  publisher = {American Physical Society (APS)},
  author = {Caloz,  Christophe and Alù,  Andrea and Tretyakov,  Sergei and Sounas,  Dimitrios and Achouri,  Karim and Deck-Léger,  Zoé-Lise},
  year = {2018},
  pages = {047001},
}

@article{Kramer2018,
  title={\text{QuantumOptics.jl}: \text{A Julia} framework for simulating open quantum systems},
  author={Kr{\"a}mer, Sebastian and Plankensteiner, David and Ostermann, Laurin and Ritsch, Helmut},
  journal={Comput. Phys. Commun.},
  volume={227},
  pages={109},
  year={2018},
}